@inproceedings{pei2014saliency,
  title={Saliency detection using superpixel belief propagation},
  author={Pei, Soo-Chang and Chang, Wen-Wen and Shen, Chih-Tsung},
  booktitle={Image Processing (ICIP), 2014 IEEE International Conference on},
  pages={1135--1139},
  year={2014},
  organization={IEEE}
}

@inproceedings{unnikrishnan2005measure,
  title={A measure for objective evaluation of image segmentation algorithms},
  author={Unnikrishnan, Ranjith and Pantofaru, Caroline and Hebert, Martial},
  booktitle={Computer Vision and Pattern Recognition-Workshops, 2005. CVPR Workshops. IEEE Computer Society Conference
    on},
  pages={34--34},
  year={2005},
  organization={IEEE}
}

@Article{Everingham10, 
  author = "Everingham, M. and Van~Gool, L. and Williams, C. K. I. and Winn, J. and Zisserman, A.", 
  title = "The Pascal Visual Object Classes (VOC) Challenge", 
  journal = "International Journal of Computer Vision", 
  volume = "88", 
  year = "2010", 
  number = "2", 
  month = jun, 
  pages = "303--338", 
} 

@techreport{achanta2010slic,
  title={Slic superpixels},
  author={Achanta, Radhakrishna and Shaji, Appu and Smith, Kevin and Lucchi, Aurelien and Fua, Pascal and S{\"u}sstrunk,
    Sabine},
  year={2010}
}

@inproceedings{ester1996density,
  title={A density-based algorithm for discovering clusters in large spatial databases with noise.},
  author={Ester, Martin and Kriegel, Hans-Peter and Sander, J{\"o}rg and Xu, Xiaowei and others}
}
